
@article{key1,
title   = {Cubic {S}plines for {I}mage {I}nterpolation and {D}igital {F}iltering},
author  = "Andrews, Harry and Hou, Hsieh",
journal = "IEEE",
volume  = "26",
number  = "6",
pages   = "508-517",
year    = "1978"
}

@article{key2,
title   = "Study of {C}ubic {S}plines and {F}ourier {S}eries as {I}nterpolation {T}echniques for {F}illing in {S}hort {P}eriods of {M}issing {B}uilding {E}nergy {U}se and {W}eather {D}ata",
author  = "Baltazar, Juan-Carlos and Claridge, David",
journal = "J. Solar Energy Magazine",
volume  = "128",
number  = "2",
pages   = "226-230",
year    = "2006"
}

@book{key3,
title     = "Numerical Analysis",
author    = "Burden, Richard L. and et al.",
publisher = "Cengage Learning",
year      = "2016",
address   = "Massachusetts"
}

@book{key4,
title     = "Introductory Functional Analysis with Applications",
author    = "Kreyszig, Erwin",
publisher = "Wiley and Sons Inc.",
year      = "1978",
address   = "Canada"
}

@book{key5,
title     = "Fundamentals of Approximation Theory: Revised Edition",
author    = "Mhaskar, Hrushikesh and Pai, Devidas",
publisher = "Alpha Science International Ltd.",
year      = "2007",
address   = "Oxford"
}

@book{key6,
title     = "Approximations by Spline Functions",
author    = "N{\"{u}}rnberger, Gunther",
publisher = "Springer-Verlag",
year      = "1989",
address   = "New York"
}

@book{key7,
title     = "Introduction to Mathematical Analysis",
author    = "Parzynski, William and Zipse, Philip",
publisher = "McGraw-Hill Inc.",
year      = "1987",
address   = "Singapore"
}

@book{key8,
title     = "Approximation Theory and Methods",
author    = "Powell, M. J. D.",
publisher = "Cambridge University Press",
year      = "1981",
address   = "New York"
}

@book{key9,
title     = "Spline Analysis",
author    = "Schultz, Martin H.",
publisher = "Prentice-Hall Inc.",
year      = "1973",
address   = "New Jersey"
}

@misc{key10,
title     = "Comparison of {C}onstrained {O}ptimization {F}unctions",
author    = "Wolfram",
year      = "2023",
note      = "Last accessed 12 April 2023",
howpublished       = "\url{https://reference.wolfram.com/language/tutorial/ConstrainedOptimizationComparison.html}"
}

@misc{key11,
title     = "NIntegrate {I}ntegration {S}trategies",
author    = "Wolfram",
year      = "2023",
note      = "Last accessed 12 April 2023",
howpublished       = "\url{https://reference.wolfram.com/language/tutorial/NIntegrateIntegrationStrategies.html}"
}